@book{adams1995hitchhiker,
  title={The Hitchhiker's Guide to the Galaxy},
  author={Adams, D.},
  isbn={9781417642595},
  url={http://books.google.com/books?id=W-xMPgAACAAJ},
  year={1995},
  publisher={San Val}
}

@ARTICLE {toronto,
	author = "Canadian Center for Economic Analysis, Canadian Urban Institute",
	title  = "Toronto Housing Market Analysis",
	year   = "2019",
	month  = "jan",
	note   = "This report is published by the Canadian Center for Economic Analysis and the Canadian Urban Institute"
}

@ARTICLE {houses_sale,
	author = "Mahdy Nabaee",
	title  = "House Sales in Ontario",
	month  = "jan",
	note   = "This is a dataset available in Kaggle"
}